<?xml version="1.0" encoding="UTF-8"?>
<collection xmlns:xsi="http://www.w3.org/2001/XMLSchema-instance" xsi:schemaLocation="http://www.loc.gov/MARC21/slim http://www.loc.gov/standards/marcxml/schema/MARC21slim.xsd" xmlns="http://www.loc.gov/MARC21/slim">
<record>
  <leader>01028cam a22002777a 4500</leader>
  <controlfield tag="001">3072163</controlfield>
  <controlfield tag="003">NNC</controlfield>
  <controlfield tag="005">20130426015446.0</controlfield>
  <controlfield tag="008">990216s1962    iq            000 0 ara  </controlfield>
  <datafield tag="010" ind1=" " ind2=" ">
    <subfield code="a">   94965580 </subfield>
  </datafield>
  <datafield tag="035" ind1=" " ind2=" ">
    <subfield code="a">(OCoLC)ocm40829762</subfield>
  </datafield>
  <datafield tag="035" ind1=" " ind2=" ">
    <subfield code="9">ATP5195CU</subfield>
  </datafield>
  <datafield tag="035" ind1=" " ind2=" ">
    <subfield code="a">(NNC)3072163</subfield>
  </datafield>
  <datafield tag="040" ind1=" " ind2=" ">
    <subfield code="a">DLC</subfield>
    <subfield code="c">DLC</subfield>
    <subfield code="d">ZCU</subfield>
  </datafield>
  <datafield tag="099" ind1=" " ind2=" ">
    <subfield code="a">893.7M9871</subfield>
    <subfield code="a">L</subfield>
  </datafield>
  <datafield tag="100" ind1="1" ind2=" ">
    <subfield code="a">Ghaṭafānī, Muzarrid ibn Ḍirar.</subfield>
  </datafield>
  <datafield tag="240" ind1="1" ind2="0">
    <subfield code="a">Poems</subfield>
  </datafield>
  <datafield tag="245" ind1="1" ind2="0">
    <subfield code="a">Dīwān al-Muzarrid ibn Ḍirar al-Ghaṭafānī bi-riwāyat Ibn al-Sikkīt wa-ghayrihi wa-sharḥ Thaʻlab /</subfield>
    <subfield code="c">ʻuniya bi-taḥqīqihi Khalīl Ibrāhīm al-ʻAṭīyah ; qaddama la-hu Muḥammad al-Riḍā al-Shabībī.</subfield>
  </datafield>
  <datafield tag="250" ind1=" " ind2=" ">
    <subfield code="a">al-Ṭabʻah 1.</subfield>
  </datafield>
  <datafield tag="260" ind1=" " ind2=" ">
    <subfield code="a">[Baghdad :</subfield>
    <subfield code="b">s.n.],</subfield>
    <subfield code="c">1962</subfield>
    <subfield code="e">(Baghdād :</subfield>
    <subfield code="f">Maṭbaʻat Asʻad)</subfield>
  </datafield>
  <datafield tag="300" ind1=" " ind2=" ">
    <subfield code="a">103 p. :</subfield>
    <subfield code="b">ill. ;</subfield>
    <subfield code="c">24 cm.</subfield>
  </datafield>
  <datafield tag="653" ind1=" " ind2=" ">
    <subfield code="a">Arabic literature; poetry</subfield>
  </datafield>
  <datafield tag="700" ind1="0" ind2=" ">
    <subfield code="a">Ibn al-Sikkīt,</subfield>
    <subfield code="d">-857 or 858.</subfield>
  </datafield>
  <datafield tag="700" ind1="1" ind2=" ">
    <subfield code="a">Thaʻlab, Aḥmad ibn Yaḥyá,</subfield>
    <subfield code="d">815-904.</subfield>
  </datafield>
  <datafield tag="700" ind1="1" ind2=" ">
    <subfield code="a">ʻAṭīyah, Khalīl Ibrāhīm.</subfield>
  </datafield>
  <datafield tag="955" ind1=" " ind2=" ">
    <subfield code="b">CU58876456</subfield>
    <subfield code="d">off,glx</subfield>
    <subfield code="e">893.7M9871 L</subfield>
  </datafield>
</record>
</collection>